@manual{labmanual,
  author = {Isaac, et al.},
  title = {Lab Manual PHYS 124},
  year = {2025},
  publisher = {University of Alberta, Department of Physics},
  address = {Edmonton}
}